@article{einstein,
    author =       "Albert Einstein",
    title =        "{Zur Elektrodynamik bewegter K{\"o}rper}. ({German})
    [{On} the electrodynamics of moving bodies]",
    journal =      "Annalen der Physik",
    volume =       "322",
    number =       "10",
    pages =        "891--921",
    year =         "1905",
    DOI =          "http://dx.doi.org/10.1002/andp.19053221004",
    keywords =     "physics"
}

@book{dirac,
    title={The Principles of Quantum Mechanics},
    author={Paul Adrien Maurice Dirac},
    isbn={9780198520115},
    series={International series of monographs on physics},
    year={1981},
    publisher={Clarendon Press},
    keywords = {physics}
}

@online{knuthwebsite,
    author    = "Donald Knuth",
    title     = "Knuth: Computers and Typesetting",
    url       = "http://www-cs-faculty.stanford.edu/~uno/abcde.html",
    keywords  = "latex,knuth"
}

@inbook{knuth-fa,
    author = "Donald E. Knuth",
    title = "Fundamental Algorithms",
    publisher = "Addison-Wesley",
    year = "1973",
    chapter = "1.2",
    keywords  = "knuth,programming"
}

@misc{ManimDocs,
  author = {{The Manim Community Developers}},
  title = {Manim Documentation: Quickstart Guide},
  year = {2023},
  url = {https://docs.manim.community/en/stable/tutorials/quickstart.html},
  note = {Accessed: 2024-03-25}
}

@techreport{RFC791,
  author = {Postel, Jon},
  title = {Internet Protocol},
  institution = {RFC Editor},
  type = {RFC},
  number = {791},
  year = {1981},
  url = {https://www.rfc-editor.org/rfc/rfc791#page-11},
  note = {Accessed: 2024-04-12}
}

@techreport{RFC4180,
  author = {Shafranovich, Y.},
  title = {Common Format and MIME Type for Comma-Separated Values (CSV) Files},
  institution = {RFC Editor},
  type = {RFC},
  number = {4180},
  year = {2005},
  url = {https://www.rfc-editor.org/rfc/rfc4180.html#page-2},
  note = {Accessed: 2024-04-12}
}

@misc{JHUQS2024,
  author = {{QS Top Universities}},
  title = {Search Results for Johns Hopkins University},
  year = {2024},
  howpublished = {\url{https://www.topuniversities.com/region=region=Europe&countries=it?region=North%20America&search=Johns%20Hopkins%20University}},
  note = {Accessed: 2024-04-12}
}

@misc{JohnsHopkinsUniversity2024,
  author = {{Johns Hopkins University}},
  title = {Homepage of Johns Hopkins University},
  howpublished = {\url{https://www.jhu.edu/}},
  year = {2024},
  note = {Accessed: 2024-04-12}
}

@misc{JHUDatavisNetwork2024,
  author = {{Johns Hopkins University Libraries}},
  title = {Network Data Visualization Guide},
  howpublished = {\url{https://guides.library.jhu.edu/datavisualization/network}},
  year = {2024},
  note = {Accessed: 2024-04-12}
}

@misc{ColorBlindPalette2024,
  author = {{David Math Logic}},
  title = {Color Blindness Palette Generator},
  howpublished = {\url{https://davidmathlogic.com/colorblind/#%2305FF00-%23FFFFFF-%23FF05FF}},
  year = {2024},
  note = {Accessed: 2024-04-12}
}

@misc{TreccaniProtanopia2024,
  author = {Enciclopedia Treccani},
  title = {Protanopia},
  howpublished = {\url{https://www.treccani.it/enciclopedia/protanopia/}},
  year = {2024},
  note = {Accessed: 2024-04-12}
}

@misc{TreccaniDeuteranopia2024,
  author = {Enciclopedia Treccani},
  title = {Deuteranopia},
  howpublished = {\url{https://www.treccani.it/vocabolario/ricerca/deuteranopia/}},
  year = {2024},
  note = {Accessed: 2024-04-12}
}

@misc{TreccaniTritanopia2024,
  author = {Enciclopedia Treccani},
  title = {Tritanopia},
  howpublished = {\url{https://www.treccani.it/enciclopedia/tritanopia/}},
  year = {2024},
  note = {Accessed: 2024-04-12}
}

@misc{Gephi2024,
  author = {Gephi},
  title = {Gephi: The Open Graph Viz Platform},
  howpublished = {\url{https://gephi.org}},
  year = {2024},
  note = {Accessed: 2024-04-12}
}

@misc{Graphviz2024,
  author = {Graphviz},
  title = {Graphviz - Graph Visualization Software},
  howpublished = {\url{https://graphviz.org}},
  year = {2024},
  note = {Accessed: 2024-04-12}
}

@misc{igraph2024,
  author = {igraph},
  title = {igraph - The Network Analysis Package},
  howpublished = {\url{https://igraph.org}},
  year = {2024},
  note = {Accessed: 2024-04-12}
}

@misc{UCINET2024,
  author = {UCINET},
  title = {UCINET Software},
  howpublished = {\url{https://sites.google.com/site/ucinetsoftware/}},
  year = {2024},
  note = {Accessed: 2024-04-12}
}

@misc{SocNetV2024,
  author = {SocNetV},
  title = {Social Network Visualizer (SocNetV)},
  howpublished = {\url{https://socnetv.org}},
  year = {2024},
  note = {Accessed: 2024-04-12}
}

@misc{Pajek2024,
  author = {Pajek},
  title = {Pajek - Program for Large Network Analysis},
  howpublished = {\url{http://mrvar.fdv.uni-lj.si/pajek/}},
  year = {2024},
  note = {Accessed: 2024-04-12}
}
